<?xml version="1.0" encoding="UTF-8"?><record xmlns="http://www.loc.gov/MARC21/slim" xmlns:cinclude="http://apache.org/cocoon/include/1.0" xmlns:zs="http://www.loc.gov/zing/srw/">
  <leader>00323nz  a2200121n  4500</leader>
  <controlfield tag="001">n  85297004 </controlfield>
  <controlfield tag="003">DLC</controlfield>
  <controlfield tag="005">19870630103111.0</controlfield>
  <controlfield tag="008">870528n| acannaab|          |n aaa |||  </controlfield>
  <datafield tag="010" ind1=" " ind2=" ">
    <subfield code="a">n  85297004 </subfield>
  </datafield>
  <datafield tag="040" ind1=" " ind2=" ">
    <subfield code="a">DLC</subfield>
    <subfield code="c">DLC</subfield>
    <subfield code="d">DLC</subfield>
  </datafield>
  <datafield tag="100" ind1="1" ind2="0">
    <subfield code="a">Berouti, L.</subfield>
  </datafield>
  <datafield tag="670" ind1=" " ind2=" ">
    <subfield code="a">Employment and manpower problems and ... 1984:</subfield>
    <subfield code="b">p. ii (Mr. L. Berouti)</subfield>
  </datafield>
</record>